
   <marc:record>
      <marc:leader>00000nam  2200361Ii 4500</marc:leader>
      <marc:controlfield tag="006">m|||||o||d |||||||</marc:controlfield>
      <marc:controlfield tag="007">cr |||||||||||</marc:controlfield>
      <marc:controlfield tag="008">130321s2014\\\\xxu\\\\\om\\\\\\\\\\eng\d</marc:controlfield>
      <marc:datafield tag="040" ind1="" ind2="">
         <marc:subfield code="a">TFW</marc:subfield>
         <marc:subfield code="b">eng</marc:subfield>
         <marc:subfield code="e">rda</marc:subfield>
         <marc:subfield code="c">TFW</marc:subfield>
      </marc:datafield>
      <marc:datafield tag="042" ind1="" ind2="">
         <marc:subfield code="a">dc</marc:subfield>
      </marc:datafield>
      <marc:datafield tag="100" ind1="1" ind2="">
         <marc:subfield code="a">Quinn, Randall M.</marc:subfield>
      </marc:datafield>
      <marc:datafield tag="245" ind1="1" ind2="0">
         <marc:subfield code="a">Conflict and Disease: An Analysis of Endemic Polio in Northern Pakistan /</marc:subfield>
         <marc:subfield code="c">Randall M Quinn.</marc:subfield>
      </marc:datafield>
      <marc:datafield tag="264" ind1="" ind2="1">
         <marc:subfield code="c">2015.</marc:subfield>
      </marc:datafield>
      <marc:datafield tag="300" ind1="" ind2="">
         <marc:subfield code="a">1 online resource.</marc:subfield>
      </marc:datafield>
      <marc:datafield tag="336" ind1="" ind2="">
         <marc:subfield code="a">text</marc:subfield>
         <marc:subfield code="b">txt</marc:subfield>
         <marc:subfield code="2">rdacontent</marc:subfield>
      </marc:datafield>
      <marc:datafield tag="337" ind1="" ind2="">
         <marc:subfield code="a">computer</marc:subfield>
         <marc:subfield code="b">c</marc:subfield>
         <marc:subfield code="2">rdamedia</marc:subfield>
      </marc:datafield>
      <marc:datafield tag="338" ind1="" ind2="">
         <marc:subfield code="a">online resource</marc:subfield>
         <marc:subfield code="b">cr</marc:subfield>
         <marc:subfield code="2">rdacarrier</marc:subfield>
      </marc:datafield>
      <marc:datafield tag="500" ind1="" ind2="">
         <marc:subfield code="a"/>
      </marc:datafield>
      <marc:datafield tag="520" ind1="" ind2="">
         <marc:subfield code="a">Submitted in partial fulfillment of the degree Master of Arts in Law and Diplomacy at the Fletcher School of Law and Diplomacy. Abstract: Polio is a disease that held a profound impact on much of the world's population for the first half of the 20th Century. Today it is barely an afterthought throughout the developed world, as vaccines invented in the 1950's greatly reduced the disease burden, gradually at first and then precipitously with the onset of the Global Polio Eradication Initiative in 1988. Despite great progress, there is one remaining reservoir of wild poliovirus that remains in the world today and prevents any declaration of victory against the disease. The reservoir is centered in northern Pakistan and frequently infects populations on both sides of the Afghanistan-Pakistan border. A number of factors have contributed to this being the last global holdout. This paper aims to explore those factors and project potential policy solutions. Given the highly infectious nature of the disease and the frequent movement of people in and through this region, all of the elements are there for a global resurgence, highlighting the importance of resolving the issue as quickly and efficiently as possible.</marc:subfield>
      </marc:datafield>
      <marc:datafield tag="710" ind1="1" ind2="0">
         <marc:subfield code="a">Fletcher School of Law and Diplomacy.</marc:subfield>
      </marc:datafield>
      <marc:datafield tag="650" ind1="" ind2="0">
         <marc:subfield code="a">Poliomyelitis</marc:subfield><marc:subfield code="x">Pakistan.</marc:subfield>
      </marc:datafield>
      <marc:datafield tag="650" ind1="" ind2="0">
         <marc:subfield code="a">War</marc:subfield><marc:subfield code="x">Medical aspects.</marc:subfield>
      </marc:datafield>
      <marc:datafield tag="655" ind1="" ind2="7">
         <marc:subfield code="a">Electronic dissertations.</marc:subfield>
         <marc:subfield code="2">lcgft</marc:subfield>
      </marc:datafield>
      <marc:datafield tag="655" ind1="" ind2="7">
         <marc:subfield code="a">Tufts dissertations and theses.</marc:subfield>
         <marc:subfield code="2">local</marc:subfield>
      </marc:datafield>
      <marc:datafield tag="590" ind1="" ind2="">
         <marc:subfield code="a">MALD thesis.</marc:subfield>
      </marc:datafield>
      <marc:datafield tag="856" ind1="4" ind2="0">
         <marc:subfield code="z">Full Text -- Tufts Digital Library</marc:subfield>
         <marc:subfield code="u">http://hdl.handle.net/10427/008412</marc:subfield>
      </marc:datafield>
      <marc:datafield tag="910" ind1="" ind2="">
         <marc:subfield code="a">Title also cataloged in DL.</marc:subfield>
      </marc:datafield>
   </marc:record>
</marc:collection>
